
@Book{Perrig2022,
	title 	= {The Complete Guide to {SCION}},
	subtitle = {From Design Principles to Formal Verification},
	publisher = {Springer International Publishing},
	year 	= {2022},
	author 	= {Laurent Chuat and Markus Legner and David Basin and David Hausheer and Samuel Hitz and Peter MÃ¼ller and Adrian Perrig},
	doi 	= {10.1007/978-3-031-05288-0},
}
